%YAML 1.1
%TAG !u! tag:unity3d.com,2011:
--- !u!29 &1
OcclusionCullingSettings:
  m_ObjectHideFlags: 0
  serializedVersion: 2
  m_OcclusionBakeSettings:
    smallestOccluder: 5
    smallestHole: 0.25
    backfaceThreshold: 100
  m_SceneGUID: 00000000000000000000000000000000
  m_OcclusionCullingData: {fileID: 0}
--- !u!104 &2
RenderSettings:
  m_ObjectHideFlags: 0
  serializedVersion: 8
  m_Fog: 0
  m_FogColor: {r: 0.5, g: 0.5, b: 0.5, a: 1}
  m_FogMode: 3
  m_FogDensity: 0.01
  m_LinearFogStart: 0
  m_LinearFogEnd: 300
  m_AmbientSkyColor: {r: 0.212, g: 0.227, b: 0.259, a: 1}
  m_AmbientEquatorColor: {r: 0.114, g: 0.125, b: 0.133, a: 1}
  m_AmbientGroundColor: {r: 0.047, g: 0.043, b: 0.035, a: 1}
  m_AmbientIntensity: 1
  m_AmbientMode: 3
  m_SubtractiveShadowColor: {r: 0.42, g: 0.478, b: 0.627, a: 1}
  m_SkyboxMaterial: {fileID: 0}
  m_HaloStrength: 0.5
  m_FlareStrength: 1
  m_FlareFadeSpeed: 3
  m_HaloTexture: {fileID: 0}
  m_SpotCookie: {fileID: 10001, guid: 0000000000000000e000000000000000, type: 0}
  m_DefaultReflectionMode: 0
  m_DefaultReflectionResolution: 128
  m_ReflectionBounces: 1
  m_ReflectionIntensity: 1
  m_CustomReflection: {fileID: 0}
  m_Sun: {fileID: 0}
  m_IndirectSpecularColor: {r: 0, g: 0, b: 0, a: 1}
--- !u!157 &3
LightmapSettings:
  m_ObjectHideFlags: 0
  serializedVersion: 11
  m_GIWorkflowMode: 1
  m_GISettings:
    serializedVersion: 2
    m_BounceScale: 1
    m_IndirectOutputScale: 1
    m_AlbedoBoost: 1
    m_TemporalCoherenceThreshold: 1
    m_EnvironmentLightingMode: 0
    m_EnableBakedLightmaps: 0
    m_EnableRealtimeLightmaps: 0
  m_LightmapEditorSettings:
    serializedVersion: 9
    m_Resolution: 2
    m_BakeResolution: 40
    m_TextureWidth: 1024
    m_TextureHeight: 1024
    m_AO: 0
    m_AOMaxDistance: 1
    m_CompAOExponent: 1
    m_CompAOExponentDirect: 0
    m_Padding: 2
    m_LightmapParameters: {fileID: 0}
    m_LightmapsBakeMode: 1
    m_TextureCompression: 1
    m_FinalGather: 0
    m_FinalGatherFiltering: 1
    m_FinalGatherRayCount: 256
    m_ReflectionCompression: 2
    m_MixedBakeMode: 2
    m_BakeBackend: 0
    m_PVRSampling: 1
    m_PVRDirectSampleCount: 32
    m_PVRSampleCount: 500
    m_PVRBounces: 2
    m_PVRFilterTypeDirect: 0
    m_PVRFilterTypeIndirect: 0
    m_PVRFilterTypeAO: 0
    m_PVRFilteringMode: 1
    m_PVRCulling: 1
    m_PVRFilteringGaussRadiusDirect: 1
    m_PVRFilteringGaussRadiusIndirect: 5
    m_PVRFilteringGaussRadiusAO: 2
    m_PVRFilteringAtrousPositionSigmaDirect: 0.5
    m_PVRFilteringAtrousPositionSigmaIndirect: 2
    m_PVRFilteringAtrousPositionSigmaAO: 1
    m_ShowResolutionOverlay: 1
  m_LightingDataAsset: {fileID: 0}
  m_UseShadowmask: 1
--- !u!196 &4
NavMeshSettings:
  serializedVersion: 2
  m_ObjectHideFlags: 0
  m_BuildSettings:
    serializedVersion: 2
    agentTypeID: 0
    agentRadius: 0.5
    agentHeight: 2
    agentSlope: 45
    agentClimb: 0.4
    ledgeDropHeight: 0
    maxJumpAcrossDistance: 0
    minRegionArea: 2
    manualCellSize: 0
    cellSize: 0.16666667
    manualTileSize: 0
    tileSize: 256
    accuratePlacement: 0
    debug:
      m_Flags: 0
  m_NavMeshData: {fileID: 0}
--- !u!1 &68901575
GameObject:
  m_ObjectHideFlags: 0
  m_PrefabParentObject: {fileID: 0}
  m_PrefabInternal: {fileID: 0}
  serializedVersion: 5
  m_Component:
  - component: {fileID: 68901579}
  - component: {fileID: 68901578}
  - component: {fileID: 68901577}
  - component: {fileID: 68901576}
  m_Layer: 0
  m_Name: Main Camera
  m_TagString: MainCamera
  m_Icon: {fileID: 0}
  m_NavMeshLayer: 0
  m_StaticEditorFlags: 0
  m_IsActive: 1
--- !u!81 &68901576
AudioListener:
  m_ObjectHideFlags: 0
  m_PrefabParentObject: {fileID: 0}
  m_PrefabInternal: {fileID: 0}
  m_GameObject: {fileID: 68901575}
  m_Enabled: 1
--- !u!124 &68901577
Behaviour:
  m_ObjectHideFlags: 0
  m_PrefabParentObject: {fileID: 0}
  m_PrefabInternal: {fileID: 0}
  m_GameObject: {fileID: 68901575}
  m_Enabled: 1
--- !u!20 &68901578
Camera:
  m_ObjectHideFlags: 0
  m_PrefabParentObject: {fileID: 0}
  m_PrefabInternal: {fileID: 0}
  m_GameObject: {fileID: 68901575}
  m_Enabled: 1
  serializedVersion: 2
  m_ClearFlags: 1
  m_BackGroundColor: {r: 0.19215687, g: 0.3019608, b: 0.4745098, a: 0}
  m_NormalizedViewPortRect:
    serializedVersion: 2
    x: 0
    y: 0
    width: 1
    height: 1
  near clip plane: 0.3
  far clip plane: 1000
  field of view: 60
  orthographic: 1
  orthographic size: 5
  m_Depth: -1
  m_CullingMask:
    serializedVersion: 2
    m_Bits: 4294967295
  m_RenderingPath: -1
  m_TargetTexture: {fileID: 0}
  m_TargetDisplay: 0
  m_TargetEye: 3
  m_HDR: 1
  m_AllowMSAA: 1
  m_AllowDynamicResolution: 0
  m_ForceIntoRT: 0
  m_OcclusionCulling: 1
  m_StereoConvergence: 10
  m_StereoSeparation: 0.022
--- !u!4 &68901579
Transform:
  m_ObjectHideFlags: 0
  m_PrefabParentObject: {fileID: 0}
  m_PrefabInternal: {fileID: 0}
  m_GameObject: {fileID: 68901575}
  m_LocalRotation: {x: 0, y: 0, z: 0, w: 1}
  m_LocalPosition: {x: 0, y: 0, z: -10}
  m_LocalScale: {x: 1, y: 1, z: 1}
  m_Children: []
  m_Father: {fileID: 0}
  m_RootOrder: 0
  m_LocalEulerAnglesHint: {x: 0, y: 0, z: 0}
--- !u!1 &77272411
GameObject:
  m_ObjectHideFlags: 0
  m_PrefabParentObject: {fileID: 1228822438045132, guid: c4fb35b84c6de0941996d5ee8f345813,
    type: 2}
  m_PrefabInternal: {fileID: 0}
  serializedVersion: 5
  m_Component:
  - component: {fileID: 77272412}
  m_Layer: 5
  m_Name: Container
  m_TagString: Untagged
  m_Icon: {fileID: 0}
  m_NavMeshLayer: 0
  m_StaticEditorFlags: 0
  m_IsActive: 1
--- !u!224 &77272412
RectTransform:
  m_ObjectHideFlags: 0
  m_PrefabParentObject: {fileID: 224237681895636636, guid: c4fb35b84c6de0941996d5ee8f345813,
    type: 2}
  m_PrefabInternal: {fileID: 0}
  m_GameObject: {fileID: 77272411}
  m_LocalRotation: {x: 0, y: 0, z: 0, w: 1}
  m_LocalPosition: {x: 0, y: 0, z: 0}
  m_LocalScale: {x: 1, y: 1, z: 1}
  m_Children:
  - {fileID: 1835988568}
  - {fileID: 1055306224}
  m_Father: {fileID: 78648447}
  m_RootOrder: 0
  m_LocalEulerAnglesHint: {x: 0, y: 0, z: 0}
  m_AnchorMin: {x: 0, y: 0.5}
  m_AnchorMax: {x: 1, y: 0.5}
  m_AnchoredPosition: {x: 0, y: 0}
  m_SizeDelta: {x: 0, y: 88}
  m_Pivot: {x: 0.5, y: 0.5}
--- !u!1 &78648446
GameObject:
  m_ObjectHideFlags: 0
  m_PrefabParentObject: {fileID: 1780342875444342, guid: c4fb35b84c6de0941996d5ee8f345813,
    type: 2}
  m_PrefabInternal: {fileID: 0}
  serializedVersion: 5
  m_Component:
  - component: {fileID: 78648447}
  - component: {fileID: 78648448}
  - component: {fileID: 78648449}
  m_Layer: 5
  m_Name: ButtonRight
  m_TagString: Untagged
  m_Icon: {fileID: 0}
  m_NavMeshLayer: 0
  m_StaticEditorFlags: 0
  m_IsActive: 1
--- !u!224 &78648447
RectTransform:
  m_ObjectHideFlags: 0
  m_PrefabParentObject: {fileID: 224663558604653962, guid: c4fb35b84c6de0941996d5ee8f345813,
    type: 2}
  m_PrefabInternal: {fileID: 0}
  m_GameObject: {fileID: 78648446}
  m_LocalRotation: {x: -0, y: -0, z: -0, w: 1}
  m_LocalPosition: {x: 0, y: 0, z: -1360.7998}
  m_LocalScale: {x: 1.00008, y: 1.00008, z: 1.00008}
  m_Children:
  - {fileID: 77272412}
  m_Father: {fileID: 1469652664}
  m_RootOrder: 4
  m_LocalEulerAnglesHint: {x: 0, y: 0, z: 0}
  m_AnchorMin: {x: 0.5, y: 0.5}
  m_AnchorMax: {x: 0.5, y: 0.5}
  m_AnchoredPosition: {x: 797, y: -370}
  m_SizeDelta: {x: 88, y: 88}
  m_Pivot: {x: 0.5, y: 0.5}
--- !u!95 &78648448
Animator:
  serializedVersion: 3
  m_ObjectHideFlags: 0
  m_PrefabParentObject: {fileID: 95683917145663652, guid: c4fb35b84c6de0941996d5ee8f345813,
    type: 2}
  m_PrefabInternal: {fileID: 0}
  m_GameObject: {fileID: 78648446}
  m_Enabled: 1
  m_Avatar: {fileID: 0}
  m_Controller: {fileID: 22100000, guid: 3b4defddb5912b34aab1281130aeb0de, type: 2}
  m_CullingMode: 0
  m_UpdateMode: 2
  m_ApplyRootMotion: 0
  m_LinearVelocityBlending: 0
  m_WarningMessage: 
  m_HasTransformHierarchy: 1
  m_AllowConstantClipSamplingOptimization: 1
--- !u!114 &78648449
MonoBehaviour:
  m_ObjectHideFlags: 0
  m_PrefabParentObject: {fileID: 114889753960278842, guid: c4fb35b84c6de0941996d5ee8f345813,
    type: 2}
  m_PrefabInternal: {fileID: 0}
  m_GameObject: {fileID: 78648446}
  m_Enabled: 1
  m_EditorHideFlags: 0
  m_Script: {fileID: 11500000, guid: 0e7d04d6c99d99b44bcbbf1dd8aa5547, type: 3}
  m_Name: 
  m_EditorClassIdentifier: 
--- !u!224 &148666708 stripped
RectTransform:
  m_PrefabParentObject: {fileID: 224288369594095690, guid: 3cd8618a612eaaf4fa46e96866d54350,
    type: 2}
  m_PrefabInternal: {fileID: 568923815}
--- !u!1 &261287367
GameObject:
  m_ObjectHideFlags: 0
  m_PrefabParentObject: {fileID: 0}
  m_PrefabInternal: {fileID: 0}
  serializedVersion: 5
  m_Component:
  - component: {fileID: 261287368}
  - component: {fileID: 261287371}
  - component: {fileID: 261287369}
  m_Layer: 5
  m_Name: Mask
  m_TagString: Untagged
  m_Icon: {fileID: 0}
  m_NavMeshLayer: 0
  m_StaticEditorFlags: 0
  m_IsActive: 1
--- !u!224 &261287368
RectTransform:
  m_ObjectHideFlags: 0
  m_PrefabParentObject: {fileID: 0}
  m_PrefabInternal: {fileID: 0}
  m_GameObject: {fileID: 261287367}
  m_LocalRotation: {x: -0, y: -0, z: -0, w: 1}
  m_LocalPosition: {x: 0, y: 0, z: -1360.7998}
  m_LocalScale: {x: 1, y: 1, z: 1}
  m_Children:
  - {fileID: 1890276526}
  m_Father: {fileID: 1469652664}
  m_RootOrder: 5
  m_LocalEulerAnglesHint: {x: 0, y: 0, z: 0}
  m_AnchorMin: {x: 0, y: 0.5}
  m_AnchorMax: {x: 0, y: 0.5}
  m_AnchoredPosition: {x: 972, y: 52}
  m_SizeDelta: {x: 1768.5, y: 669.7}
  m_Pivot: {x: 0.5, y: 0.5}
--- !u!114 &261287369
MonoBehaviour:
  m_ObjectHideFlags: 0
  m_PrefabParentObject: {fileID: 0}
  m_PrefabInternal: {fileID: 0}
  m_GameObject: {fileID: 261287367}
  m_Enabled: 0
  m_EditorHideFlags: 0
  m_Script: {fileID: -146154839, guid: f70555f144d8491a825f0804e09c671c, type: 3}
  m_Name: 
  m_EditorClassIdentifier: 
--- !u!222 &261287371
CanvasRenderer:
  m_ObjectHideFlags: 0
  m_PrefabParentObject: {fileID: 0}
  m_PrefabInternal: {fileID: 0}
  m_GameObject: {fileID: 261287367}
--- !u!1 &265462990
GameObject:
  m_ObjectHideFlags: 0
  m_PrefabParentObject: {fileID: 1131833623296356, guid: c4fb35b84c6de0941996d5ee8f345813,
    type: 2}
  m_PrefabInternal: {fileID: 0}
  serializedVersion: 5
  m_Component:
  - component: {fileID: 265462991}
  - component: {fileID: 265462993}
  - component: {fileID: 265462992}
  m_Layer: 5
  m_Name: Icon
  m_TagString: Untagged
  m_Icon: {fileID: 0}
  m_NavMeshLayer: 0
  m_StaticEditorFlags: 0
  m_IsActive: 1
--- !u!224 &265462991
RectTransform:
  m_ObjectHideFlags: 0
  m_PrefabParentObject: {fileID: 224878551350467798, guid: c4fb35b84c6de0941996d5ee8f345813,
    type: 2}
  m_PrefabInternal: {fileID: 0}
  m_GameObject: {fileID: 265462990}
  m_LocalRotation: {x: -0, y: -0, z: -0, w: 1}
  m_LocalPosition: {x: 0, y: 0, z: 0}
  m_LocalScale: {x: -1, y: 1, z: 1}
  m_Children: []
  m_Father: {fileID: 1232722186}
  m_RootOrder: 1
  m_LocalEulerAnglesHint: {x: 0, y: 0, z: 0}
  m_AnchorMin: {x: 0.5, y: 0.5}
  m_AnchorMax: {x: 0.5, y: 0.5}
  m_AnchoredPosition: {x: 0, y: 0}
  m_SizeDelta: {x: 50, y: 50}
  m_Pivot: {x: 0.5, y: 0.5}
--- !u!114 &265462992
MonoBehaviour:
  m_ObjectHideFlags: 0
  m_PrefabParentObject: {fileID: 114430133536474932, guid: c4fb35b84c6de0941996d5ee8f345813,
    type: 2}
  m_PrefabInternal: {fileID: 0}
  m_GameObject: {fileID: 265462990}
  m_Enabled: 1
  m_EditorHideFlags: 0
  m_Script: {fileID: -765806418, guid: f70555f144d8491a825f0804e09c671c, type: 3}
  m_Name: 
  m_EditorClassIdentifier: 
  m_Material: {fileID: 0}
  m_Color: {r: 1, g: 1, b: 1, a: 1}
  m_RaycastTarget: 0
  m_OnCullStateChanged:
    m_PersistentCalls:
      m_Calls: []
    m_TypeName: UnityEngine.UI.MaskableGraphic+CullStateChangedEvent, UnityEngine.UI,
      Version=1.0.0.0, Culture=neutral, PublicKeyToken=null
  m_Sprite: {fileID: 21300000, guid: 430375f0e86da7748b25a3d31481be4b, type: 3}
  m_Type: 0
  m_PreserveAspect: 0
  m_FillCenter: 1
  m_FillMethod: 4
  m_FillAmount: 1
  m_FillClockwise: 1
  m_FillOrigin: 0
--- !u!222 &265462993
CanvasRenderer:
  m_ObjectHideFlags: 0
  m_PrefabParentObject: {fileID: 222576732234312948, guid: c4fb35b84c6de0941996d5ee8f345813,
    type: 2}
  m_PrefabInternal: {fileID: 0}
  m_GameObject: {fileID: 265462990}
--- !u!1 &362030893
GameObject:
  m_ObjectHideFlags: 0
  m_PrefabParentObject: {fileID: 1402915973378522, guid: c4fb35b84c6de0941996d5ee8f345813,
    type: 2}
  m_PrefabInternal: {fileID: 0}
  serializedVersion: 5
  m_Component:
  - component: {fileID: 362030894}
  - component: {fileID: 362030899}
  - component: {fileID: 362030898}
  - component: {fileID: 362030897}
  - component: {fileID: 362030896}
  - component: {fileID: 362030895}
  m_Layer: 5
  m_Name: Background
  m_TagString: Untagged
  m_Icon: {fileID: 0}
  m_NavMeshLayer: 0
  m_StaticEditorFlags: 0
  m_IsActive: 1
--- !u!224 &362030894
RectTransform:
  m_ObjectHideFlags: 0
  m_PrefabParentObject: {fileID: 224396329967090460, guid: c4fb35b84c6de0941996d5ee8f345813,
    type: 2}
  m_PrefabInternal: {fileID: 0}
  m_GameObject: {fileID: 362030893}
  m_LocalRotation: {x: -0, y: -0, z: -0, w: 1}
  m_LocalPosition: {x: 0, y: 0, z: 0}
  m_LocalScale: {x: 1, y: 1, z: 1}
  m_Children: []
  m_Father: {fileID: 1232722186}
  m_RootOrder: 0
  m_LocalEulerAnglesHint: {x: 0, y: 0, z: 0}
  m_AnchorMin: {x: 0, y: 0.5}
  m_AnchorMax: {x: 1, y: 0.5}
  m_AnchoredPosition: {x: 0, y: 0}
  m_SizeDelta: {x: 0, y: 88}
  m_Pivot: {x: 0.5, y: 0.5}
--- !u!82 &362030895
AudioSource:
  m_ObjectHideFlags: 0
  m_PrefabParentObject: {fileID: 82313573565564496, guid: c4fb35b84c6de0941996d5ee8f345813,
    type: 2}
  m_PrefabInternal: {fileID: 0}
  m_GameObject: {fileID: 362030893}
  m_Enabled: 1
  serializedVersion: 4
  OutputAudioMixerGroup: {fileID: 0}
  m_audioClip: {fileID: 8300000, guid: 60b5c33e9a8da2c4bb7ee23cae951cca, type: 3}
  m_PlayOnAwake: 0
  m_Volume: 1
  m_Pitch: 1
  Loop: 0
  Mute: 0
  Spatialize: 0
  SpatializePostEffects: 0
  Priority: 128
  DopplerLevel: 1
  MinDistance: 1
  MaxDistance: 500
  Pan2D: 0
  rolloffMode: 0
  BypassEffects: 0
  BypassListenerEffects: 0
  BypassReverbZones: 0
  rolloffCustomCurve:
    serializedVersion: 2
    m_Curve:
    - serializedVersion: 2
      time: 0
      value: 1
      inSlope: 0
      outSlope: 0
      tangentMode: 0
    - serializedVersion: 2
      time: 1
      value: 0
      inSlope: 0
      outSlope: 0
      tangentMode: 0
    m_PreInfinity: 2
    m_PostInfinity: 2
    m_RotationOrder: 4
  panLevelCustomCurve:
    serializedVersion: 2
    m_Curve:
    - serializedVersion: 2
      time: 0
      value: 0
      inSlope: 0
      outSlope: 0
      tangentMode: 0
    m_PreInfinity: 2
    m_PostInfinity: 2
    m_RotationOrder: 0
  spreadCustomCurve:
    serializedVersion: 2
    m_Curve:
    - serializedVersion: 2
      time: 0
      value: 0
      inSlope: 0
      outSlope: 0
      tangentMode: 0
    m_PreInfinity: 2
    m_PostInfinity: 2
    m_RotationOrder: 4
  reverbZoneMixCustomCurve:
    serializedVersion: 2
    m_Curve:
    - serializedVersion: 2
      time: 0
      value: 1
      inSlope: 0
      outSlope: 0
      tangentMode: 0
    m_PreInfinity: 2
    m_PostInfinity: 2
    m_RotationOrder: 0
--- !u!114 &362030896
MonoBehaviour:
  m_ObjectHideFlags: 0
  m_PrefabParentObject: {fileID: 114824059914797886, guid: c4fb35b84c6de0941996d5ee8f345813,
    type: 2}
  m_PrefabInternal: {fileID: 0}
  m_GameObject: {fileID: 362030893}
  m_Enabled: 1
  m_EditorHideFlags: 0
  m_Script: {fileID: 11500000, guid: 87a286771fa86194e979f187a1691a2a, type: 3}
  m_Name: 
  m_EditorClassIdentifier: 
  ButtonPressedFirstTime:
    m_PersistentCalls:
      m_Calls:
      - m_Target: {fileID: 1890276527}
        m_MethodName: MoveLeft
        m_Mode: 1
        m_Arguments:
          m_ObjectArgument: {fileID: 0}
          m_ObjectArgumentAssemblyTypeName: UnityEngine.Object, UnityEngine
          m_IntArgument: 0
          m_FloatArgument: 0
          m_StringArgument: 
          m_BoolArgument: 0
        m_CallState: 2
      - m_Target: {fileID: 362030895}
        m_MethodName: Play
        m_Mode: 1
        m_Arguments:
          m_ObjectArgument: {fileID: 0}
          m_ObjectArgumentAssemblyTypeName: UnityEngine.Object, UnityEngine
          m_IntArgument: 0
          m_FloatArgument: 0
          m_StringArgument: 
          m_BoolArgument: 0
        m_CallState: 2
    m_TypeName: UnityEngine.Events.UnityEvent, UnityEngine.CoreModule, Version=0.0.0.0,
      Culture=neutral, PublicKeyToken=null
  ButtonReleased:
    m_PersistentCalls:
      m_Calls:
      - m_Target: {fileID: 0}
        m_MethodName: XReleased
        m_Mode: 1
        m_Arguments:
          m_ObjectArgument: {fileID: 0}
          m_ObjectArgumentAssemblyTypeName: UnityEngine.Object, UnityEngine
          m_IntArgument: 0
          m_FloatArgument: 0
          m_StringArgument: 
          m_BoolArgument: 0
        m_CallState: 2
    m_TypeName: UnityEngine.Events.UnityEvent, UnityEngine.CoreModule, Version=0.0.0.0,
      Culture=neutral, PublicKeyToken=null
  ButtonPressed:
    m_PersistentCalls:
      m_Calls:
      - m_Target: {fileID: 0}
        m_MethodName: XPressed
        m_Mode: 1
        m_Arguments:
          m_ObjectArgument: {fileID: 0}
          m_ObjectArgumentAssemblyTypeName: UnityEngine.Object, UnityEngine
          m_IntArgument: 0
          m_FloatArgument: 0
          m_StringArgument: 
          m_BoolArgument: 0
        m_CallState: 2
    m_TypeName: UnityEngine.Events.UnityEvent, UnityEngine.CoreModule, Version=0.0.0.0,
      Culture=neutral, PublicKeyToken=null
  DisabledSprite: {fileID: 21300000, guid: 6b5af5f7855e2704ba8dc542d2d3cac0, type: 3}
  DisabledChangeColor: 1
  DisabledColor: {r: 0, g: 0, b: 0, a: 0.459}
  PressedSprite: {fileID: 21300000, guid: 6b5af5f7855e2704ba8dc542d2d3cac0, type: 3}
  PressedChangeColor: 0
  PressedColor: {r: 0.9490197, g: 0.5686275, b: 0.19607845, a: 1}
  HighlightedSprite: {fileID: 0}
  HighlightedChangeColor: 0
  HighlightedColor: {r: 1, g: 1, b: 1, a: 1}
  PressedOpacity: 1
  IdleOpacity: 1
  DisabledOpacity: 1
  PressedFirstTimeDelay: 0
  ReleasedDelay: 0
  BufferDuration: 0
  Animator: {fileID: 1299068862}
  IdleAnimationParameterName: Idle
  DisabledAnimationParameterName: Disabled
  PressedAnimationParameterName: Pressed
  MouseMode: 1
--- !u!225 &362030897
CanvasGroup:
  m_ObjectHideFlags: 0
  m_PrefabParentObject: {fileID: 225148252893114254, guid: c4fb35b84c6de0941996d5ee8f345813,
    type: 2}
  m_PrefabInternal: {fileID: 0}
  m_GameObject: {fileID: 362030893}
  m_Enabled: 1
  m_Alpha: 1
  m_Interactable: 1
  m_BlocksRaycasts: 1
  m_IgnoreParentGroups: 0
--- !u!114 &362030898
MonoBehaviour:
  m_ObjectHideFlags: 0
  m_PrefabParentObject: {fileID: 114908747730721272, guid: c4fb35b84c6de0941996d5ee8f345813,
    type: 2}
  m_PrefabInternal: {fileID: 0}
  m_GameObject: {fileID: 362030893}
  m_Enabled: 1
  m_EditorHideFlags: 0
  m_Script: {fileID: -765806418, guid: f70555f144d8491a825f0804e09c671c, type: 3}
  m_Name: 
  m_EditorClassIdentifier: 
  m_Material: {fileID: 0}
  m_Color: {r: 0.105882354, g: 0.11764706, b: 0.15686275, a: 1}
  m_RaycastTarget: 1
  m_OnCullStateChanged:
    m_PersistentCalls:
      m_Calls: []
    m_TypeName: UnityEngine.UI.MaskableGraphic+CullStateChangedEvent, UnityEngine.UI,
      Version=1.0.0.0, Culture=neutral, PublicKeyToken=null
  m_Sprite: {fileID: 21300000, guid: 6b5af5f7855e2704ba8dc542d2d3cac0, type: 3}
  m_Type: 1
  m_PreserveAspect: 0
  m_FillCenter: 1
  m_FillMethod: 4
  m_FillAmount: 1
  m_FillClockwise: 1
  m_FillOrigin: 0
--- !u!222 &362030899
CanvasRenderer:
  m_ObjectHideFlags: 0
  m_PrefabParentObject: {fileID: 222506231484009686, guid: c4fb35b84c6de0941996d5ee8f345813,
    type: 2}
  m_PrefabInternal: {fileID: 0}
  m_GameObject: {fileID: 362030893}
--- !u!1 &433679906
GameObject:
  m_ObjectHideFlags: 0
  m_PrefabParentObject: {fileID: 100002, guid: ace2d4bf56f98df4196ff81845a465d7, type: 2}
  m_PrefabInternal: {fileID: 0}
  serializedVersion: 5
  m_Component:
  - component: {fileID: 433679907}
  - component: {fileID: 433679910}
  - component: {fileID: 433679909}
  m_Layer: 0
  m_Name: EventSystem
  m_TagString: Untagged
  m_Icon: {fileID: 0}
  m_NavMeshLayer: 0
  m_StaticEditorFlags: 0
  m_IsActive: 1
--- !u!4 &433679907
Transform:
  m_ObjectHideFlags: 0
  m_PrefabParentObject: {fileID: 400000, guid: ace2d4bf56f98df4196ff81845a465d7, type: 2}
  m_PrefabInternal: {fileID: 0}
  m_GameObject: {fileID: 433679906}
  m_LocalRotation: {x: 0, y: 0, z: 0, w: 1}
  m_LocalPosition: {x: 44, y: -26, z: 0}
  m_LocalScale: {x: 1, y: 1, z: 1}
  m_Children: []
  m_Father: {fileID: 1896010361}
  m_RootOrder: 1
  m_LocalEulerAnglesHint: {x: 0, y: 0, z: 0}
--- !u!114 &433679909
MonoBehaviour:
  m_ObjectHideFlags: 0
  m_PrefabParentObject: {fileID: 11400006, guid: ace2d4bf56f98df4196ff81845a465d7,
    type: 2}
  m_PrefabInternal: {fileID: 0}
  m_GameObject: {fileID: 433679906}
  m_Enabled: 1
  m_EditorHideFlags: 0
  m_Script: {fileID: 1077351063, guid: f5f67c52d1564df4a8936ccd202a3bd8, type: 3}
  m_Name: 
  m_EditorClassIdentifier: 
  m_HorizontalAxis: Horizontal
  m_VerticalAxis: Vertical
  m_SubmitButton: Submit
  m_CancelButton: Cancel
  m_InputActionsPerSecond: 10
  m_RepeatDelay: 0.5
  m_ForceModuleActive: 0
--- !u!114 &433679910
MonoBehaviour:
  m_ObjectHideFlags: 0
  m_PrefabParentObject: {fileID: 11400008, guid: ace2d4bf56f98df4196ff81845a465d7,
    type: 2}
  m_PrefabInternal: {fileID: 0}
  m_GameObject: {fileID: 433679906}
  m_Enabled: 1
  m_EditorHideFlags: 0
  m_Script: {fileID: -619905303, guid: f5f67c52d1564df4a8936ccd202a3bd8, type: 3}
  m_Name: 
  m_EditorClassIdentifier: 
  m_FirstSelected: {fileID: 0}
  m_sendNavigationEvents: 1
  m_DragThreshold: 5
--- !u!1001 &568923815
Prefab:
  m_ObjectHideFlags: 0
  serializedVersion: 2
  m_Modification:
    m_TransformParent: {fileID: 1469652664}
    m_Modifications:
    - target: {fileID: 224288369594095690, guid: 3cd8618a612eaaf4fa46e96866d54350,
        type: 2}
      propertyPath: m_LocalPosition.x
      value: 0
      objectReference: {fileID: 0}
    - target: {fileID: 224288369594095690, guid: 3cd8618a612eaaf4fa46e96866d54350,
        type: 2}
      propertyPath: m_LocalPosition.y
      value: 0
      objectReference: {fileID: 0}
    - target: {fileID: 224288369594095690, guid: 3cd8618a612eaaf4fa46e96866d54350,
        type: 2}
      propertyPath: m_LocalPosition.z
      value: 0
      objectReference: {fileID: 0}
    - target: {fileID: 224288369594095690, guid: 3cd8618a612eaaf4fa46e96866d54350,
        type: 2}
      propertyPath: m_LocalRotation.x
      value: -0
      objectReference: {fileID: 0}
    - target: {fileID: 224288369594095690, guid: 3cd8618a612eaaf4fa46e96866d54350,
        type: 2}
      propertyPath: m_LocalRotation.y
      value: -0
      objectReference: {fileID: 0}
    - target: {fileID: 224288369594095690, guid: 3cd8618a612eaaf4fa46e96866d54350,
        type: 2}
      propertyPath: m_LocalRotation.z
      value: -0
      objectReference: {fileID: 0}
    - target: {fileID: 224288369594095690, guid: 3cd8618a612eaaf4fa46e96866d54350,
        type: 2}
      propertyPath: m_LocalRotation.w
      value: 1
      objectReference: {fileID: 0}
    - target: {fileID: 224288369594095690, guid: 3cd8618a612eaaf4fa46e96866d54350,
        type: 2}
      propertyPath: m_RootOrder
      value: 1
      objectReference: {fileID: 0}
    - target: {fileID: 224288369594095690, guid: 3cd8618a612eaaf4fa46e96866d54350,
        type: 2}
      propertyPath: m_AnchoredPosition.x
      value: -306
      objectReference: {fileID: 0}
    - target: {fileID: 224288369594095690, guid: 3cd8618a612eaaf4fa46e96866d54350,
        type: 2}
      propertyPath: m_AnchoredPosition.y
      value: 377
      objectReference: {fileID: 0}
    - target: {fileID: 224288369594095690, guid: 3cd8618a612eaaf4fa46e96866d54350,
        type: 2}
      propertyPath: m_SizeDelta.x
      value: 1080.8
      objectReference: {fileID: 0}
    - target: {fileID: 224288369594095690, guid: 3cd8618a612eaaf4fa46e96866d54350,
        type: 2}
      propertyPath: m_SizeDelta.y
      value: 60
      objectReference: {fileID: 0}
    - target: {fileID: 224288369594095690, guid: 3cd8618a612eaaf4fa46e96866d54350,
        type: 2}
      propertyPath: m_AnchorMin.x
      value: 0.5
      objectReference: {fileID: 0}
    - target: {fileID: 224288369594095690, guid: 3cd8618a612eaaf4fa46e96866d54350,
        type: 2}
      propertyPath: m_AnchorMin.y
      value: 0.5
      objectReference: {fileID: 0}
    - target: {fileID: 224288369594095690, guid: 3cd8618a612eaaf4fa46e96866d54350,
        type: 2}
      propertyPath: m_AnchorMax.x
      value: 0.5
      objectReference: {fileID: 0}
    - target: {fileID: 224288369594095690, guid: 3cd8618a612eaaf4fa46e96866d54350,
        type: 2}
      propertyPath: m_AnchorMax.y
      value: 0.5
      objectReference: {fileID: 0}
    - target: {fileID: 224288369594095690, guid: 3cd8618a612eaaf4fa46e96866d54350,
        type: 2}
      propertyPath: m_Pivot.x
      value: 0.5
      objectReference: {fileID: 0}
    - target: {fileID: 224288369594095690, guid: 3cd8618a612eaaf4fa46e96866d54350,
        type: 2}
      propertyPath: m_Pivot.y
      value: 0.5
      objectReference: {fileID: 0}
    - target: {fileID: 114026501170547586, guid: 3cd8618a612eaaf4fa46e96866d54350,
        type: 2}
      propertyPath: m_Text
      value: Bob's World
      objectReference: {fileID: 0}
    - target: {fileID: 114026501170547586, guid: 3cd8618a612eaaf4fa46e96866d54350,
        type: 2}
      propertyPath: m_FontData.m_Font
      value: 
      objectReference: {fileID: 12800000, guid: 7636bc380174a4c4e91c3335b39cc3e9,
        type: 3}
    m_RemovedComponents: []
  m_ParentPrefab: {fileID: 100100000, guid: 3cd8618a612eaaf4fa46e96866d54350, type: 2}
  m_IsPrefabParent: 0
--- !u!1001 &702858825
Prefab:
  m_ObjectHideFlags: 0
  serializedVersion: 2
  m_Modification:
    m_TransformParent: {fileID: 1469652664}
    m_Modifications:
    - target: {fileID: 224518304298186988, guid: f9c1d2640980b3944ad3815c18cc1cad,
        type: 2}
      propertyPath: m_LocalPosition.x
      value: 0
      objectReference: {fileID: 0}
    - target: {fileID: 224518304298186988, guid: f9c1d2640980b3944ad3815c18cc1cad,
        type: 2}
      propertyPath: m_LocalPosition.y
      value: 0
      objectReference: {fileID: 0}
    - target: {fileID: 224518304298186988, guid: f9c1d2640980b3944ad3815c18cc1cad,
        type: 2}
      propertyPath: m_LocalPosition.z
      value: 0
      objectReference: {fileID: 0}
    - target: {fileID: 224518304298186988, guid: f9c1d2640980b3944ad3815c18cc1cad,
        type: 2}
      propertyPath: m_LocalRotation.x
      value: -0
      objectReference: {fileID: 0}
    - target: {fileID: 224518304298186988, guid: f9c1d2640980b3944ad3815c18cc1cad,
        type: 2}
      propertyPath: m_LocalRotation.y
      value: -0
      objectReference: {fileID: 0}
    - target: {fileID: 224518304298186988, guid: f9c1d2640980b3944ad3815c18cc1cad,
        type: 2}
      propertyPath: m_LocalRotation.z
      value: -0
      objectReference: {fileID: 0}
    - target: {fileID: 224518304298186988, guid: f9c1d2640980b3944ad3815c18cc1cad,
        type: 2}
      propertyPath: m_LocalRotation.w
      value: 1
      objectReference: {fileID: 0}
    - target: {fileID: 224518304298186988, guid: f9c1d2640980b3944ad3815c18cc1cad,
        type: 2}
      propertyPath: m_RootOrder
      value: 6
      objectReference: {fileID: 0}
    - target: {fileID: 224518304298186988, guid: f9c1d2640980b3944ad3815c18cc1cad,
        type: 2}
      propertyPath: m_AnchoredPosition.x
      value: 0.00015259
      objectReference: {fileID: 0}
    - target: {fileID: 224518304298186988, guid: f9c1d2640980b3944ad3815c18cc1cad,
        type: 2}
      propertyPath: m_AnchoredPosition.y
      value: 0.0000038146973
      objectReference: {fileID: 0}
    - target: {fileID: 224518304298186988, guid: f9c1d2640980b3944ad3815c18cc1cad,
        type: 2}
      propertyPath: m_SizeDelta.x
      value: -267.48
      objectReference: {fileID: 0}
    - target: {fileID: 224518304298186988, guid: f9c1d2640980b3944ad3815c18cc1cad,
        type: 2}
      propertyPath: m_SizeDelta.y
      value: 0
      objectReference: {fileID: 0}
    - target: {fileID: 224518304298186988, guid: f9c1d2640980b3944ad3815c18cc1cad,
        type: 2}
      propertyPath: m_AnchorMin.x
      value: 0
      objectReference: {fileID: 0}
    - target: {fileID: 224518304298186988, guid: f9c1d2640980b3944ad3815c18cc1cad,
        type: 2}
      propertyPath: m_AnchorMin.y
      value: 0
      objectReference: {fileID: 0}
    - target: {fileID: 224518304298186988, guid: f9c1d2640980b3944ad3815c18cc1cad,
        type: 2}
      propertyPath: m_AnchorMax.x
      value: 1
      objectReference: {fileID: 0}
    - target: {fileID: 224518304298186988, guid: f9c1d2640980b3944ad3815c18cc1cad,
        type: 2}
      propertyPath: m_AnchorMax.y
      value: 1
      objectReference: {fileID: 0}
    - target: {fileID: 224518304298186988, guid: f9c1d2640980b3944ad3815c18cc1cad,
        type: 2}
      propertyPath: m_Pivot.x
      value: 0.5
      objectReference: {fileID: 0}
    - target: {fileID: 224518304298186988, guid: f9c1d2640980b3944ad3815c18cc1cad,
        type: 2}
      propertyPath: m_Pivot.y
      value: 0.5
      objectReference: {fileID: 0}
    - target: {fileID: 1815778078525110, guid: f9c1d2640980b3944ad3815c18cc1cad, type: 2}
      propertyPath: m_Name
      value: Fader
      objectReference: {fileID: 0}
    - target: {fileID: 225746014528968042, guid: f9c1d2640980b3944ad3815c18cc1cad,
        type: 2}
      propertyPath: m_Alpha
      value: 1
      objectReference: {fileID: 0}
    m_RemovedComponents: []
  m_ParentPrefab: {fileID: 100100000, guid: f9c1d2640980b3944ad3815c18cc1cad, type: 2}
  m_IsPrefabParent: 0
--- !u!1 &721683721
GameObject:
  m_ObjectHideFlags: 0
  m_PrefabParentObject: {fileID: 100000, guid: ace2d4bf56f98df4196ff81845a465d7, type: 2}
  m_PrefabInternal: {fileID: 0}
  serializedVersion: 5
  m_Component:
  - component: {fileID: 1469652664}
  - component: {fileID: 721683724}
  - component: {fileID: 721683723}
  - component: {fileID: 721683722}
  m_Layer: 5
  m_Name: Canvas
  m_TagString: Untagged
  m_Icon: {fileID: 0}
  m_NavMeshLayer: 0
  m_StaticEditorFlags: 0
  m_IsActive: 1
--- !u!114 &721683722
MonoBehaviour:
  m_ObjectHideFlags: 0
  m_PrefabParentObject: {fileID: 11400000, guid: ace2d4bf56f98df4196ff81845a465d7,
    type: 2}
  m_PrefabInternal: {fileID: 0}
  m_GameObject: {fileID: 721683721}
  m_Enabled: 1
  m_EditorHideFlags: 0
  m_Script: {fileID: 1301386320, guid: f5f67c52d1564df4a8936ccd202a3bd8, type: 3}
  m_Name: 
  m_EditorClassIdentifier: 
  m_IgnoreReversedGraphics: 1
  m_BlockingObjects: 0
  m_BlockingMask:
    serializedVersion: 2
    m_Bits: 4294967295
--- !u!114 &721683723
MonoBehaviour:
  m_ObjectHideFlags: 0
  m_PrefabParentObject: {fileID: 11400002, guid: ace2d4bf56f98df4196ff81845a465d7,
    type: 2}
  m_PrefabInternal: {fileID: 0}
  m_GameObject: {fileID: 721683721}
  m_Enabled: 1
  m_EditorHideFlags: 0
  m_Script: {fileID: 1980459831, guid: f5f67c52d1564df4a8936ccd202a3bd8, type: 3}
  m_Name: 
  m_EditorClassIdentifier: 
  m_UiScaleMode: 1
  m_ReferencePixelsPerUnit: 100
  m_ScaleFactor: 1
  m_ReferenceResolution: {x: 1920, y: 1080}
  m_ScreenMatchMode: 1
  m_MatchWidthOrHeight: 0
  m_PhysicalUnit: 3
  m_FallbackScreenDPI: 96
  m_DefaultSpriteDPI: 96
  m_DynamicPixelsPerUnit: 1
--- !u!223 &721683724
Canvas:
  m_ObjectHideFlags: 0
  m_PrefabParentObject: {fileID: 22300000, guid: ace2d4bf56f98df4196ff81845a465d7,
    type: 2}
  m_PrefabInternal: {fileID: 0}
  m_GameObject: {fileID: 721683721}
  m_Enabled: 1
  serializedVersion: 3
  m_RenderMode: 1
  m_Camera: {fileID: 1896010360}
  m_PlaneDistance: 100
  m_PixelPerfect: 0
  m_ReceivesEvents: 1
  m_OverrideSorting: 0
  m_OverridePixelPerfect: 0
  m_SortingBucketNormalizedSize: 0
  m_AdditionalShaderChannelsFlag: 25
  m_SortingLayerID: -1053558941
  m_SortingOrder: 0
  m_TargetDisplay: 0
--- !u!1 &1055306223
GameObject:
  m_ObjectHideFlags: 0
  m_PrefabParentObject: {fileID: 1131833623296356, guid: c4fb35b84c6de0941996d5ee8f345813,
    type: 2}
  m_PrefabInternal: {fileID: 0}
  serializedVersion: 5
  m_Component:
  - component: {fileID: 1055306224}
  - component: {fileID: 1055306226}
  - component: {fileID: 1055306225}
  m_Layer: 5
  m_Name: Icon
  m_TagString: Untagged
  m_Icon: {fileID: 0}
  m_NavMeshLayer: 0
  m_StaticEditorFlags: 0
  m_IsActive: 1
--- !u!224 &1055306224
RectTransform:
  m_ObjectHideFlags: 0
  m_PrefabParentObject: {fileID: 224878551350467798, guid: c4fb35b84c6de0941996d5ee8f345813,
    type: 2}
  m_PrefabInternal: {fileID: 0}
  m_GameObject: {fileID: 1055306223}
  m_LocalRotation: {x: -0, y: -0, z: -0, w: 1}
  m_LocalPosition: {x: 0, y: 0, z: 0}
  m_LocalScale: {x: 1, y: 1, z: 1}
  m_Children: []
  m_Father: {fileID: 77272412}
  m_RootOrder: 1
  m_LocalEulerAnglesHint: {x: 0, y: 0, z: 0}
  m_AnchorMin: {x: 0.5, y: 0.5}
  m_AnchorMax: {x: 0.5, y: 0.5}
  m_AnchoredPosition: {x: 0, y: 0}
  m_SizeDelta: {x: 50, y: 50}
  m_Pivot: {x: 0.5, y: 0.5}
--- !u!114 &1055306225
MonoBehaviour:
  m_ObjectHideFlags: 0
  m_PrefabParentObject: {fileID: 114430133536474932, guid: c4fb35b84c6de0941996d5ee8f345813,
    type: 2}
  m_PrefabInternal: {fileID: 0}
  m_GameObject: {fileID: 1055306223}
  m_Enabled: 1
  m_EditorHideFlags: 0
  m_Script: {fileID: -765806418, guid: f70555f144d8491a825f0804e09c671c, type: 3}
  m_Name: 
  m_EditorClassIdentifier: 
  m_Material: {fileID: 0}
  m_Color: {r: 1, g: 1, b: 1, a: 1}
  m_RaycastTarget: 0
  m_OnCullStateChanged:
    m_PersistentCalls:
      m_Calls: []
    m_TypeName: UnityEngine.UI.MaskableGraphic+CullStateChangedEvent, UnityEngine.UI,
      Version=1.0.0.0, Culture=neutral, PublicKeyToken=null
  m_Sprite: {fileID: 21300000, guid: 430375f0e86da7748b25a3d31481be4b, type: 3}
  m_Type: 0
  m_PreserveAspect: 0
  m_FillCenter: 1
  m_FillMethod: 4
  m_FillAmount: 1
  m_FillClockwise: 1
  m_FillOrigin: 0
--- !u!222 &1055306226
CanvasRenderer:
  m_ObjectHideFlags: 0
  m_PrefabParentObject: {fileID: 222576732234312948, guid: c4fb35b84c6de0941996d5ee8f345813,
    type: 2}
  m_PrefabInternal: {fileID: 0}
  m_GameObject: {fileID: 1055306223}
--- !u!224 &1150651283 stripped
RectTransform:
  m_PrefabParentObject: {fileID: 224518304298186988, guid: f9c1d2640980b3944ad3815c18cc1cad,
    type: 2}
  m_PrefabInternal: {fileID: 702858825}
--- !u!224 &1154372208 stripped
RectTransform:
  m_PrefabParentObject: {fileID: 224742993359236318, guid: 16cc9c38c66c5284fafe24a0a5f5ced2,
    type: 2}
  m_PrefabInternal: {fileID: 1413761680}
--- !u!1001 &1229805239
Prefab:
  m_ObjectHideFlags: 0
  serializedVersion: 2
  m_Modification:
    m_TransformParent: {fileID: 2119754420}
    m_Modifications:
    - target: {fileID: 224709212819779422, guid: 13d574adfd9499b4598c683ae3330825,
        type: 2}
      propertyPath: m_LocalPosition.x
      value: 0
      objectReference: {fileID: 0}
    - target: {fileID: 224709212819779422, guid: 13d574adfd9499b4598c683ae3330825,
        type: 2}
      propertyPath: m_LocalPosition.y
      value: 0
      objectReference: {fileID: 0}
    - target: {fileID: 224709212819779422, guid: 13d574adfd9499b4598c683ae3330825,
        type: 2}
      propertyPath: m_LocalPosition.z
      value: 0
      objectReference: {fileID: 0}
    - target: {fileID: 224709212819779422, guid: 13d574adfd9499b4598c683ae3330825,
        type: 2}
      propertyPath: m_LocalRotation.x
      value: -0
      objectReference: {fileID: 0}
    - target: {fileID: 224709212819779422, guid: 13d574adfd9499b4598c683ae3330825,
        type: 2}
      propertyPath: m_LocalRotation.y
      value: -0
      objectReference: {fileID: 0}
    - target: {fileID: 224709212819779422, guid: 13d574adfd9499b4598c683ae3330825,
        type: 2}
      propertyPath: m_LocalRotation.z
      value: -0
      objectReference: {fileID: 0}
    - target: {fileID: 224709212819779422, guid: 13d574adfd9499b4598c683ae3330825,
        type: 2}
      propertyPath: m_LocalRotation.w
      value: 1
      objectReference: {fileID: 0}
    - target: {fileID: 224709212819779422, guid: 13d574adfd9499b4598c683ae3330825,
        type: 2}
      propertyPath: m_RootOrder
      value: 0
      objectReference: {fileID: 0}
    - target: {fileID: 224709212819779422, guid: 13d574adfd9499b4598c683ae3330825,
        type: 2}
      propertyPath: m_AnchoredPosition.x
      value: 195
      objectReference: {fileID: 0}
    - target: {fileID: 224709212819779422, guid: 13d574adfd9499b4598c683ae3330825,
        type: 2}
      propertyPath: m_AnchoredPosition.y
      value: 0
      objectReference: {fileID: 0}
    - target: {fileID: 224709212819779422, guid: 13d574adfd9499b4598c683ae3330825,
        type: 2}
      propertyPath: m_SizeDelta.x
      value: 390
      objectReference: {fileID: 0}
    - target: {fileID: 224709212819779422, guid: 13d574adfd9499b4598c683ae3330825,
        type: 2}
      propertyPath: m_SizeDelta.y
      value: 534.3
      objectReference: {fileID: 0}
    - target: {fileID: 224709212819779422, guid: 13d574adfd9499b4598c683ae3330825,
        type: 2}
      propertyPath: m_AnchorMin.x
      value: 0
      objectReference: {fileID: 0}
    - target: {fileID: 224709212819779422, guid: 13d574adfd9499b4598c683ae3330825,
        type: 2}
      propertyPath: m_AnchorMin.y
      value: 1
      objectReference: {fileID: 0}
    - target: {fileID: 224709212819779422, guid: 13d574adfd9499b4598c683ae3330825,
        type: 2}
      propertyPath: m_AnchorMax.x
      value: 0
      objectReference: {fileID: 0}
    - target: {fileID: 224709212819779422, guid: 13d574adfd9499b4598c683ae3330825,
        type: 2}
      propertyPath: m_AnchorMax.y
      value: 1
      objectReference: {fileID: 0}
    - target: {fileID: 224709212819779422, guid: 13d574adfd9499b4598c683ae3330825,
        type: 2}
      propertyPath: m_Pivot.x
      value: 0.5
      objectReference: {fileID: 0}
    - target: {fileID: 224709212819779422, guid: 13d574adfd9499b4598c683ae3330825,
        type: 2}
      propertyPath: m_Pivot.y
      value: 0.5
      objectReference: {fileID: 0}
    - target: {fileID: 114944463944534660, guid: 13d574adfd9499b4598c683ae3330825,
        type: 2}
      propertyPath: m_Sprite
      value: 
      objectReference: {fileID: 21300000, guid: 29408bb614c99f4499dd7db61d195fbc,
        type: 3}
    - target: {fileID: 114020057219366436, guid: 13d574adfd9499b4598c683ae3330825,
        type: 2}
      propertyPath: m_Text
      value: Bob's first dream
      objectReference: {fileID: 0}
    - target: {fileID: 114526695846891580, guid: 13d574adfd9499b4598c683ae3330825,
        type: 2}
      propertyPath: m_Text
      value: This story is about a kid and it's lost dreams
      objectReference: {fileID: 0}
    - target: {fileID: 114906563744195628, guid: 13d574adfd9499b4598c683ae3330825,
        type: 2}
      propertyPath: m_Color.r
      value: 0.105882354
      objectReference: {fileID: 0}
    - target: {fileID: 114906563744195628, guid: 13d574adfd9499b4598c683ae3330825,
        type: 2}
      propertyPath: m_Color.g
      value: 0.11764706
      objectReference: {fileID: 0}
    - target: {fileID: 114906563744195628, guid: 13d574adfd9499b4598c683ae3330825,
        type: 2}
      propertyPath: m_Color.b
      value: 0.15686275
      objectReference: {fileID: 0}
    - target: {fileID: 114526828102552616, guid: 13d574adfd9499b4598c683ae3330825,
        type: 2}
      propertyPath: LevelName
      value: FirstDream
      objectReference: {fileID: 0}
    - target: {fileID: 224393402780159952, guid: 13d574adfd9499b4598c683ae3330825,
        type: 2}
      propertyPath: m_LocalScale.x
      value: 1
      objectReference: {fileID: 0}
    - target: {fileID: 224393402780159952, guid: 13d574adfd9499b4598c683ae3330825,
        type: 2}
      propertyPath: m_LocalScale.y
      value: 1
      objectReference: {fileID: 0}
    - target: {fileID: 224393402780159952, guid: 13d574adfd9499b4598c683ae3330825,
        type: 2}
      propertyPath: m_LocalScale.z
      value: 1
      objectReference: {fileID: 0}
    - target: {fileID: 95213041799240530, guid: 13d574adfd9499b4598c683ae3330825,
        type: 2}
      propertyPath: m_Enabled
      value: 1
      objectReference: {fileID: 0}
    - target: {fileID: 1739375909728426, guid: 13d574adfd9499b4598c683ae3330825, type: 2}
      propertyPath: m_Icon
      value: 
      objectReference: {fileID: 0}
    - target: {fileID: 114347271955761016, guid: 13d574adfd9499b4598c683ae3330825,
        type: 2}
      propertyPath: m_Color.r
      value: 0.9338235
      objectReference: {fileID: 0}
    - target: {fileID: 114347271955761016, guid: 13d574adfd9499b4598c683ae3330825,
        type: 2}
      propertyPath: m_Color.g
      value: 0.006866356
      objectReference: {fileID: 0}
    - target: {fileID: 114347271955761016, guid: 13d574adfd9499b4598c683ae3330825,
        type: 2}
      propertyPath: m_Color.b
      value: 0.309
      objectReference: {fileID: 0}
    - target: {fileID: 114020057219366436, guid: 13d574adfd9499b4598c683ae3330825,
        type: 2}
      propertyPath: m_FontData.m_Font
      value: 
      objectReference: {fileID: 12800000, guid: 7636bc380174a4c4e91c3335b39cc3e9,
        type: 3}
    - target: {fileID: 114020057219366436, guid: 13d574adfd9499b4598c683ae3330825,
        type: 2}
      propertyPath: m_FontData.m_FontSize
      value: 45
      objectReference: {fileID: 0}
    - target: {fileID: 114020057219366436, guid: 13d574adfd9499b4598c683ae3330825,
        type: 2}
      propertyPath: m_FontData.m_MinSize
      value: 0
      objectReference: {fileID: 0}
    - target: {fileID: 114526695846891580, guid: 13d574adfd9499b4598c683ae3330825,
        type: 2}
      propertyPath: m_FontData.m_Font
      value: 
      objectReference: {fileID: 12800000, guid: 7636bc380174a4c4e91c3335b39cc3e9,
        type: 3}
    - target: {fileID: 114526695846891580, guid: 13d574adfd9499b4598c683ae3330825,
        type: 2}
      propertyPath: m_FontData.m_FontSize
      value: 35
      objectReference: {fileID: 0}
    - target: {fileID: 224642974841654194, guid: 13d574adfd9499b4598c683ae3330825,
        type: 2}
      propertyPath: m_LocalScale.x
      value: 1
      objectReference: {fileID: 0}
    - target: {fileID: 224642974841654194, guid: 13d574adfd9499b4598c683ae3330825,
        type: 2}
      propertyPath: m_LocalScale.y
      value: 1
      objectReference: {fileID: 0}
    - target: {fileID: 224642974841654194, guid: 13d574adfd9499b4598c683ae3330825,
        type: 2}
      propertyPath: m_LocalScale.z
      value: 1
      objectReference: {fileID: 0}
    - target: {fileID: 114347271955761016, guid: 13d574adfd9499b4598c683ae3330825,
        type: 2}
      propertyPath: m_Text
      value: START
      objectReference: {fileID: 0}
    - target: {fileID: 114347271955761016, guid: 13d574adfd9499b4598c683ae3330825,
        type: 2}
      propertyPath: m_FontData.m_Font
      value: 
      objectReference: {fileID: 12800000, guid: 7636bc380174a4c4e91c3335b39cc3e9,
        type: 3}
    - target: {fileID: 114347271955761016, guid: 13d574adfd9499b4598c683ae3330825,
        type: 2}
      propertyPath: m_FontData.m_FontSize
      value: 50
      objectReference: {fileID: 0}
    - target: {fileID: 114347271955761016, guid: 13d574adfd9499b4598c683ae3330825,
        type: 2}
      propertyPath: m_FontData.m_MinSize
      value: 0
      objectReference: {fileID: 0}
    - target: {fileID: 114347271955761016, guid: 13d574adfd9499b4598c683ae3330825,
        type: 2}
      propertyPath: m_FontData.m_LineSpacing
      value: 1
      objectReference: {fileID: 0}
    - target: {fileID: 114347271955761016, guid: 13d574adfd9499b4598c683ae3330825,
        type: 2}
      propertyPath: m_FontData.m_RichText
      value: 1
      objectReference: {fileID: 0}
    - target: {fileID: 114347271955761016, guid: 13d574adfd9499b4598c683ae3330825,
        type: 2}
      propertyPath: m_FontData.m_Alignment
      value: 4
      objectReference: {fileID: 0}
    - target: {fileID: 224302768862703578, guid: 13d574adfd9499b4598c683ae3330825,
        type: 2}
      propertyPath: m_SizeDelta.x
      value: 310
      objectReference: {fileID: 0}
    - target: {fileID: 224302768862703578, guid: 13d574adfd9499b4598c683ae3330825,
        type: 2}
      propertyPath: m_SizeDelta.y
      value: 88
      objectReference: {fileID: 0}
    - target: {fileID: 224302768862703578, guid: 13d574adfd9499b4598c683ae3330825,
        type: 2}
      propertyPath: m_AnchoredPosition.y
      value: 4
      objectReference: {fileID: 0}
    - target: {fileID: 224302768862703578, guid: 13d574adfd9499b4598c683ae3330825,
        type: 2}
      propertyPath: m_LocalScale.x
      value: 1
      objectReference: {fileID: 0}
    - target: {fileID: 224302768862703578, guid: 13d574adfd9499b4598c683ae3330825,
        type: 2}
      propertyPath: m_LocalScale.y
      value: 1
      objectReference: {fileID: 0}
    - target: {fileID: 224302768862703578, guid: 13d574adfd9499b4598c683ae3330825,
        type: 2}
      propertyPath: m_LocalScale.z
      value: 1
      objectReference: {fileID: 0}
    - target: {fileID: 114906563744195628, guid: 13d574adfd9499b4598c683ae3330825,
        type: 2}
      propertyPath: m_Sprite
      value: 
      objectReference: {fileID: 21300000, guid: e36326d5becb67447b0d46bb03a3b8f5,
        type: 3}
    - target: {fileID: 114647843052921906, guid: 13d574adfd9499b4598c683ae3330825,
        type: 2}
      propertyPath: m_Sprite
      value: 
      objectReference: {fileID: 21300000, guid: e4b0d1cd80da94a45aa0330e683ec925,
        type: 3}
    - target: {fileID: 114647843052921906, guid: 13d574adfd9499b4598c683ae3330825,
        type: 2}
      propertyPath: m_Type
      value: 1
      objectReference: {fileID: 0}
    - target: {fileID: 1834637030192416, guid: 13d574adfd9499b4598c683ae3330825, type: 2}
      propertyPath: m_Name
      value: FirstDream
      objectReference: {fileID: 0}
    - target: {fileID: 224709212819779422, guid: 13d574adfd9499b4598c683ae3330825,
        type: 2}
      propertyPath: m_LocalScale.x
      value: 1
      objectReference: {fileID: 0}
    - target: {fileID: 224709212819779422, guid: 13d574adfd9499b4598c683ae3330825,
        type: 2}
      propertyPath: m_LocalScale.y
      value: 1
      objectReference: {fileID: 0}
    - target: {fileID: 224709212819779422, guid: 13d574adfd9499b4598c683ae3330825,
        type: 2}
      propertyPath: m_LocalScale.z
      value: 1
      objectReference: {fileID: 0}
    - target: {fileID: 114111243106905836, guid: 13d574adfd9499b4598c683ae3330825,
        type: 2}
      propertyPath: m_Enabled
      value: 1
      objectReference: {fileID: 0}
    - target: {fileID: 82793758616867806, guid: 13d574adfd9499b4598c683ae3330825,
        type: 2}
      propertyPath: spreadCustomCurve.m_RotationOrder
      value: 0
      objectReference: {fileID: 0}
    - target: {fileID: 114854082875608866, guid: 13d574adfd9499b4598c683ae3330825,
        type: 2}
      propertyPath: m_Enabled
      value: 1
      objectReference: {fileID: 0}
    - target: {fileID: 114854082875608866, guid: 13d574adfd9499b4598c683ae3330825,
        type: 2}
      propertyPath: ButtonPressedFirstTime.m_PersistentCalls.m_Calls.Array.data[1].m_Target
      value: 
      objectReference: {fileID: 1645191561}
    - target: {fileID: 114854082875608866, guid: 13d574adfd9499b4598c683ae3330825,
        type: 2}
      propertyPath: ButtonPressedFirstTime.m_PersistentCalls.m_Calls.Array.data[1].m_MethodName
      value: Play
      objectReference: {fileID: 0}
    - target: {fileID: 82793758616867806, guid: 13d574adfd9499b4598c683ae3330825,
        type: 2}
      propertyPath: m_audioClip
      value: 
      objectReference: {fileID: 8300000, guid: 1acf3fc6714eb774ba2848f72340bb65, type: 3}
    m_RemovedComponents: []
  m_ParentPrefab: {fileID: 100100000, guid: 13d574adfd9499b4598c683ae3330825, type: 2}
  m_IsPrefabParent: 0
--- !u!224 &1229805240 stripped
RectTransform:
  m_PrefabParentObject: {fileID: 224709212819779422, guid: 13d574adfd9499b4598c683ae3330825,
    type: 2}
  m_PrefabInternal: {fileID: 1229805239}
--- !u!1 &1232722185
GameObject:
  m_ObjectHideFlags: 0
  m_PrefabParentObject: {fileID: 1228822438045132, guid: c4fb35b84c6de0941996d5ee8f345813,
    type: 2}
  m_PrefabInternal: {fileID: 0}
  serializedVersion: 5
  m_Component:
  - component: {fileID: 1232722186}
  m_Layer: 5
  m_Name: Container
  m_TagString: Untagged
  m_Icon: {fileID: 0}
  m_NavMeshLayer: 0
  m_StaticEditorFlags: 0
  m_IsActive: 1
--- !u!224 &1232722186
RectTransform:
  m_ObjectHideFlags: 0
  m_PrefabParentObject: {fileID: 224237681895636636, guid: c4fb35b84c6de0941996d5ee8f345813,
    type: 2}
  m_PrefabInternal: {fileID: 0}
  m_GameObject: {fileID: 1232722185}
  m_LocalRotation: {x: 0, y: 0, z: 0, w: 1}
  m_LocalPosition: {x: 0, y: 0, z: 0}
  m_LocalScale: {x: 1, y: 1, z: 1}
  m_Children:
  - {fileID: 362030894}
  - {fileID: 265462991}
  m_Father: {fileID: 1299068861}
  m_RootOrder: 0
  m_LocalEulerAnglesHint: {x: 0, y: 0, z: 0}
  m_AnchorMin: {x: 0, y: 0.5}
  m_AnchorMax: {x: 1, y: 0.5}
  m_AnchoredPosition: {x: 0, y: 0}
  m_SizeDelta: {x: 0, y: 88}
  m_Pivot: {x: 0.5, y: 0.5}
--- !u!1 &1299068860
GameObject:
  m_ObjectHideFlags: 0
  m_PrefabParentObject: {fileID: 1780342875444342, guid: c4fb35b84c6de0941996d5ee8f345813,
    type: 2}
  m_PrefabInternal: {fileID: 0}
  serializedVersion: 5
  m_Component:
  - component: {fileID: 1299068861}
  - component: {fileID: 1299068862}
  - component: {fileID: 1299068863}
  m_Layer: 5
  m_Name: ButtonLeft
  m_TagString: Untagged
  m_Icon: {fileID: 0}
  m_NavMeshLayer: 0
  m_StaticEditorFlags: 0
  m_IsActive: 1
--- !u!224 &1299068861
RectTransform:
  m_ObjectHideFlags: 0
  m_PrefabParentObject: {fileID: 224663558604653962, guid: c4fb35b84c6de0941996d5ee8f345813,
    type: 2}
  m_PrefabInternal: {fileID: 0}
  m_GameObject: {fileID: 1299068860}
  m_LocalRotation: {x: -0, y: -0, z: -0, w: 1}
  m_LocalPosition: {x: 0, y: 0, z: -1360.7998}
  m_LocalScale: {x: 1, y: 1, z: 1}
  m_Children:
  - {fileID: 1232722186}
  m_Father: {fileID: 1469652664}
  m_RootOrder: 3
  m_LocalEulerAnglesHint: {x: 0, y: 0, z: 0}
  m_AnchorMin: {x: 0.5, y: 0.5}
  m_AnchorMax: {x: 0.5, y: 0.5}
  m_AnchoredPosition: {x: -799, y: -370}
  m_SizeDelta: {x: 88, y: 88}
  m_Pivot: {x: 0.5, y: 0.5}
--- !u!95 &1299068862
Animator:
  serializedVersion: 3
  m_ObjectHideFlags: 0
  m_PrefabParentObject: {fileID: 95683917145663652, guid: c4fb35b84c6de0941996d5ee8f345813,
    type: 2}
  m_PrefabInternal: {fileID: 0}
  m_GameObject: {fileID: 1299068860}
  m_Enabled: 1
  m_Avatar: {fileID: 0}
  m_Controller: {fileID: 22100000, guid: 3b4defddb5912b34aab1281130aeb0de, type: 2}
  m_CullingMode: 0
  m_UpdateMode: 2
  m_ApplyRootMotion: 0
  m_LinearVelocityBlending: 0
  m_WarningMessage: 
  m_HasTransformHierarchy: 1
  m_AllowConstantClipSamplingOptimization: 1
--- !u!114 &1299068863
MonoBehaviour:
  m_ObjectHideFlags: 0
  m_PrefabParentObject: {fileID: 114889753960278842, guid: c4fb35b84c6de0941996d5ee8f345813,
    type: 2}
  m_PrefabInternal: {fileID: 0}
  m_GameObject: {fileID: 1299068860}
  m_Enabled: 1
  m_EditorHideFlags: 0
  m_Script: {fileID: 11500000, guid: 0e7d04d6c99d99b44bcbbf1dd8aa5547, type: 3}
  m_Name: 
  m_EditorClassIdentifier: 
--- !u!1001 &1413761680
Prefab:
  m_ObjectHideFlags: 0
  serializedVersion: 2
  m_Modification:
    m_TransformParent: {fileID: 1469652664}
    m_Modifications:
    - target: {fileID: 224742993359236318, guid: 16cc9c38c66c5284fafe24a0a5f5ced2,
        type: 2}
      propertyPath: m_LocalPosition.x
      value: 0
      objectReference: {fileID: 0}
    - target: {fileID: 224742993359236318, guid: 16cc9c38c66c5284fafe24a0a5f5ced2,
        type: 2}
      propertyPath: m_LocalPosition.y
      value: 0
      objectReference: {fileID: 0}
    - target: {fileID: 224742993359236318, guid: 16cc9c38c66c5284fafe24a0a5f5ced2,
        type: 2}
      propertyPath: m_LocalPosition.z
      value: 0
      objectReference: {fileID: 0}
    - target: {fileID: 224742993359236318, guid: 16cc9c38c66c5284fafe24a0a5f5ced2,
        type: 2}
      propertyPath: m_LocalRotation.x
      value: -0
      objectReference: {fileID: 0}
    - target: {fileID: 224742993359236318, guid: 16cc9c38c66c5284fafe24a0a5f5ced2,
        type: 2}
      propertyPath: m_LocalRotation.y
      value: -0
      objectReference: {fileID: 0}
    - target: {fileID: 224742993359236318, guid: 16cc9c38c66c5284fafe24a0a5f5ced2,
        type: 2}
      propertyPath: m_LocalRotation.z
      value: -0
      objectReference: {fileID: 0}
    - target: {fileID: 224742993359236318, guid: 16cc9c38c66c5284fafe24a0a5f5ced2,
        type: 2}
      propertyPath: m_LocalRotation.w
      value: 1
      objectReference: {fileID: 0}
    - target: {fileID: 224742993359236318, guid: 16cc9c38c66c5284fafe24a0a5f5ced2,
        type: 2}
      propertyPath: m_RootOrder
      value: 0
      objectReference: {fileID: 0}
    - target: {fileID: 224742993359236318, guid: 16cc9c38c66c5284fafe24a0a5f5ced2,
        type: 2}
      propertyPath: m_AnchoredPosition.x
      value: 0.007385254
      objectReference: {fileID: 0}
    - target: {fileID: 224742993359236318, guid: 16cc9c38c66c5284fafe24a0a5f5ced2,
        type: 2}
      propertyPath: m_AnchoredPosition.y
      value: -0.00079345703
      objectReference: {fileID: 0}
    - target: {fileID: 224742993359236318, guid: 16cc9c38c66c5284fafe24a0a5f5ced2,
        type: 2}
      propertyPath: m_SizeDelta.x
      value: 0.9000244
      objectReference: {fileID: 0}
    - target: {fileID: 224742993359236318, guid: 16cc9c38c66c5284fafe24a0a5f5ced2,
        type: 2}
      propertyPath: m_SizeDelta.y
      value: 0.5
      objectReference: {fileID: 0}
    - target: {fileID: 224742993359236318, guid: 16cc9c38c66c5284fafe24a0a5f5ced2,
        type: 2}
      propertyPath: m_AnchorMin.x
      value: 0
      objectReference: {fileID: 0}
    - target: {fileID: 224742993359236318, guid: 16cc9c38c66c5284fafe24a0a5f5ced2,
        type: 2}
      propertyPath: m_AnchorMin.y
      value: 0
      objectReference: {fileID: 0}
    - target: {fileID: 224742993359236318, guid: 16cc9c38c66c5284fafe24a0a5f5ced2,
        type: 2}
      propertyPath: m_AnchorMax.x
      value: 1
      objectReference: {fileID: 0}
    - target: {fileID: 224742993359236318, guid: 16cc9c38c66c5284fafe24a0a5f5ced2,
        type: 2}
      propertyPath: m_AnchorMax.y
      value: 1
      objectReference: {fileID: 0}
    - target: {fileID: 224742993359236318, guid: 16cc9c38c66c5284fafe24a0a5f5ced2,
        type: 2}
      propertyPath: m_Pivot.x
      value: 0.5
      objectReference: {fileID: 0}
    - target: {fileID: 224742993359236318, guid: 16cc9c38c66c5284fafe24a0a5f5ced2,
        type: 2}
      propertyPath: m_Pivot.y
      value: 0.5
      objectReference: {fileID: 0}
    - target: {fileID: 114377659073113022, guid: 16cc9c38c66c5284fafe24a0a5f5ced2,
        type: 2}
      propertyPath: m_Color.r
      value: 0.7941176
      objectReference: {fileID: 0}
    - target: {fileID: 114377659073113022, guid: 16cc9c38c66c5284fafe24a0a5f5ced2,
        type: 2}
      propertyPath: m_Color.g
      value: 0.7941176
      objectReference: {fileID: 0}
    - target: {fileID: 114377659073113022, guid: 16cc9c38c66c5284fafe24a0a5f5ced2,
        type: 2}
      propertyPath: m_Color.b
      value: 0.7941176
      objectReference: {fileID: 0}
    - target: {fileID: 1801370060153166, guid: 16cc9c38c66c5284fafe24a0a5f5ced2, type: 2}
      propertyPath: m_Name
      value: Background
      objectReference: {fileID: 0}
    m_RemovedComponents: []
  m_ParentPrefab: {fileID: 100100000, guid: 16cc9c38c66c5284fafe24a0a5f5ced2, type: 2}
  m_IsPrefabParent: 0
--- !u!224 &1469652664
RectTransform:
  m_ObjectHideFlags: 0
  m_PrefabParentObject: {fileID: 22400000, guid: ace2d4bf56f98df4196ff81845a465d7,
    type: 2}
  m_PrefabInternal: {fileID: 0}
  m_GameObject: {fileID: 721683721}
  m_LocalRotation: {x: 0, y: 0, z: 0, w: 1}
  m_LocalPosition: {x: 0, y: 0, z: 0}
  m_LocalScale: {x: 0, y: 0, z: 0}
  m_Children:
  - {fileID: 1154372208}
  - {fileID: 148666708}
  - {fileID: 1580419641}
  - {fileID: 1299068861}
  - {fileID: 78648447}
  - {fileID: 261287368}
  - {fileID: 1150651283}
  m_Father: {fileID: 1896010361}
  m_RootOrder: 0
  m_LocalEulerAnglesHint: {x: 0, y: 0, z: 0}
  m_AnchorMin: {x: 0, y: 0}
  m_AnchorMax: {x: 0, y: 0}
  m_AnchoredPosition: {x: 0, y: 0}
  m_SizeDelta: {x: 0, y: 0}
  m_Pivot: {x: 0, y: 0}
--- !u!1 &1580419640
GameObject:
  m_ObjectHideFlags: 0
  m_PrefabParentObject: {fileID: 0}
  m_PrefabInternal: {fileID: 0}
  serializedVersion: 5
  m_Component:
  - component: {fileID: 1580419641}
  - component: {fileID: 1580419643}
  - component: {fileID: 1580419642}
  m_Layer: 5
  m_Name: Image
  m_TagString: Untagged
  m_Icon: {fileID: 0}
  m_NavMeshLayer: 0
  m_StaticEditorFlags: 0
  m_IsActive: 1
--- !u!224 &1580419641
RectTransform:
  m_ObjectHideFlags: 0
  m_PrefabParentObject: {fileID: 0}
  m_PrefabInternal: {fileID: 0}
  m_GameObject: {fileID: 1580419640}
  m_LocalRotation: {x: 0, y: 0, z: 0, w: 1}
  m_LocalPosition: {x: 0, y: 0, z: 0}
  m_LocalScale: {x: 1, y: 1, z: 1}
  m_Children: []
  m_Father: {fileID: 1469652664}
  m_RootOrder: 2
  m_LocalEulerAnglesHint: {x: 0, y: 0, z: 0}
  m_AnchorMin: {x: 0.5, y: 0.5}
  m_AnchorMax: {x: 0.5, y: 0.5}
  m_AnchoredPosition: {x: -19, y: 322}
  m_SizeDelta: {x: 1648, y: 1}
  m_Pivot: {x: 0.5, y: 0.5}
--- !u!114 &1580419642
MonoBehaviour:
  m_ObjectHideFlags: 0
  m_PrefabParentObject: {fileID: 0}
  m_PrefabInternal: {fileID: 0}
  m_GameObject: {fileID: 1580419640}
  m_Enabled: 1
  m_EditorHideFlags: 0
  m_Script: {fileID: -765806418, guid: f70555f144d8491a825f0804e09c671c, type: 3}
  m_Name: 
  m_EditorClassIdentifier: 
  m_Material: {fileID: 0}
  m_Color: {r: 0, g: 0, b: 0, a: 1}
  m_RaycastTarget: 1
  m_OnCullStateChanged:
    m_PersistentCalls:
      m_Calls: []
    m_TypeName: UnityEngine.UI.MaskableGraphic+CullStateChangedEvent, UnityEngine.UI,
      Version=1.0.0.0, Culture=neutral, PublicKeyToken=null
  m_Sprite: {fileID: 0}
  m_Type: 0
  m_PreserveAspect: 0
  m_FillCenter: 1
  m_FillMethod: 4
  m_FillAmount: 1
  m_FillClockwise: 1
  m_FillOrigin: 0
--- !u!222 &1580419643
CanvasRenderer:
  m_ObjectHideFlags: 0
  m_PrefabParentObject: {fileID: 0}
  m_PrefabInternal: {fileID: 0}
  m_GameObject: {fileID: 1580419640}
--- !u!1 &1645191559 stripped
GameObject:
  m_PrefabParentObject: {fileID: 1000387005127994, guid: 13d574adfd9499b4598c683ae3330825,
    type: 2}
  m_PrefabInternal: {fileID: 1229805239}
--- !u!82 &1645191561 stripped
AudioSource:
  m_PrefabParentObject: {fileID: 82793758616867806, guid: 13d574adfd9499b4598c683ae3330825,
    type: 2}
  m_PrefabInternal: {fileID: 1229805239}
--- !u!114 &1645191564 stripped
MonoBehaviour:
  m_PrefabParentObject: {fileID: 114906563744195628, guid: 13d574adfd9499b4598c683ae3330825,
    type: 2}
  m_PrefabInternal: {fileID: 1229805239}
  m_Script: {fileID: -765806418, guid: f70555f144d8491a825f0804e09c671c, type: 3}
--- !u!114 &1645191566
MonoBehaviour:
  m_ObjectHideFlags: 0
  m_PrefabParentObject: {fileID: 0}
  m_PrefabInternal: {fileID: 0}
  m_GameObject: {fileID: 1645191559}
  m_Enabled: 1
  m_EditorHideFlags: 0
  m_Script: {fileID: -234403039, guid: f70555f144d8491a825f0804e09c671c, type: 3}
  m_Name: 
  m_EditorClassIdentifier: 
  m_Navigation:
    m_Mode: 1
    m_SelectOnUp: {fileID: 0}
    m_SelectOnDown: {fileID: 0}
    m_SelectOnLeft: {fileID: 0}
    m_SelectOnRight: {fileID: 0}
  m_Transition: 1
  m_Colors:
    m_NormalColor: {r: 1, g: 1, b: 1, a: 1}
    m_HighlightedColor: {r: 0.105882354, g: 0.11764706, b: 0.15686275, a: 1}
    m_PressedColor: {r: 0.78431374, g: 0.78431374, b: 0.78431374, a: 1}
    m_DisabledColor: {r: 0.78431374, g: 0.78431374, b: 0.78431374, a: 0.5019608}
    m_ColorMultiplier: 1
    m_FadeDuration: 0.1
  m_SpriteState:
    m_HighlightedSprite: {fileID: 0}
    m_PressedSprite: {fileID: 0}
    m_DisabledSprite: {fileID: 0}
  m_AnimationTriggers:
    m_NormalTrigger: Normal
    m_HighlightedTrigger: Highlighted
    m_PressedTrigger: Pressed
    m_DisabledTrigger: Disabled
  m_Interactable: 1
  m_TargetGraphic: {fileID: 1645191564}
--- !u!1 &1835988567
GameObject:
  m_ObjectHideFlags: 0
  m_PrefabParentObject: {fileID: 1402915973378522, guid: c4fb35b84c6de0941996d5ee8f345813,
    type: 2}
  m_PrefabInternal: {fileID: 0}
  serializedVersion: 5
  m_Component:
  - component: {fileID: 1835988568}
  - component: {fileID: 1835988573}
  - component: {fileID: 1835988572}
  - component: {fileID: 1835988571}
  - component: {fileID: 1835988570}
  - component: {fileID: 1835988569}
  m_Layer: 5
  m_Name: Background
  m_TagString: Untagged
  m_Icon: {fileID: 0}
  m_NavMeshLayer: 0
  m_StaticEditorFlags: 0
  m_IsActive: 1
--- !u!224 &1835988568
RectTransform:
  m_ObjectHideFlags: 0
  m_PrefabParentObject: {fileID: 224396329967090460, guid: c4fb35b84c6de0941996d5ee8f345813,
    type: 2}
  m_PrefabInternal: {fileID: 0}
  m_GameObject: {fileID: 1835988567}
  m_LocalRotation: {x: -0, y: -0, z: -0, w: 1}
  m_LocalPosition: {x: 0, y: 0, z: 0}
  m_LocalScale: {x: 1, y: 1, z: 1}
  m_Children: []
  m_Father: {fileID: 77272412}
  m_RootOrder: 0
  m_LocalEulerAnglesHint: {x: 0, y: 0, z: 0}
  m_AnchorMin: {x: 0, y: 0.5}
  m_AnchorMax: {x: 1, y: 0.5}
  m_AnchoredPosition: {x: 0, y: 0}
  m_SizeDelta: {x: 0, y: 88}
  m_Pivot: {x: 0.5, y: 0.5}
--- !u!82 &1835988569
AudioSource:
  m_ObjectHideFlags: 0
  m_PrefabParentObject: {fileID: 82313573565564496, guid: c4fb35b84c6de0941996d5ee8f345813,
    type: 2}
  m_PrefabInternal: {fileID: 0}
  m_GameObject: {fileID: 1835988567}
  m_Enabled: 1
  serializedVersion: 4
  OutputAudioMixerGroup: {fileID: 0}
  m_audioClip: {fileID: 8300000, guid: 60b5c33e9a8da2c4bb7ee23cae951cca, type: 3}
  m_PlayOnAwake: 0
  m_Volume: 1
  m_Pitch: 1
  Loop: 0
  Mute: 0
  Spatialize: 0
  SpatializePostEffects: 0
  Priority: 128
  DopplerLevel: 1
  MinDistance: 1
  MaxDistance: 500
  Pan2D: 0
  rolloffMode: 0
  BypassEffects: 0
  BypassListenerEffects: 0
  BypassReverbZones: 0
  rolloffCustomCurve:
    serializedVersion: 2
    m_Curve:
    - serializedVersion: 2
      time: 0
      value: 1
      inSlope: 0
      outSlope: 0
      tangentMode: 0
    - serializedVersion: 2
      time: 1
      value: 0
      inSlope: 0
      outSlope: 0
      tangentMode: 0
    m_PreInfinity: 2
    m_PostInfinity: 2
    m_RotationOrder: 4
  panLevelCustomCurve:
    serializedVersion: 2
    m_Curve:
    - serializedVersion: 2
      time: 0
      value: 0
      inSlope: 0
      outSlope: 0
      tangentMode: 0
    m_PreInfinity: 2
    m_PostInfinity: 2
    m_RotationOrder: 0
  spreadCustomCurve:
    serializedVersion: 2
    m_Curve:
    - serializedVersion: 2
      time: 0
      value: 0
      inSlope: 0
      outSlope: 0
      tangentMode: 0
    m_PreInfinity: 2
    m_PostInfinity: 2
    m_RotationOrder: 4
  reverbZoneMixCustomCurve:
    serializedVersion: 2
    m_Curve:
    - serializedVersion: 2
      time: 0
      value: 1
      inSlope: 0
      outSlope: 0
      tangentMode: 0
    m_PreInfinity: 2
    m_PostInfinity: 2
    m_RotationOrder: 0
--- !u!114 &1835988570
MonoBehaviour:
  m_ObjectHideFlags: 0
  m_PrefabParentObject: {fileID: 114824059914797886, guid: c4fb35b84c6de0941996d5ee8f345813,
    type: 2}
  m_PrefabInternal: {fileID: 0}
  m_GameObject: {fileID: 1835988567}
  m_Enabled: 1
  m_EditorHideFlags: 0
  m_Script: {fileID: 11500000, guid: 87a286771fa86194e979f187a1691a2a, type: 3}
  m_Name: 
  m_EditorClassIdentifier: 
  ButtonPressedFirstTime:
    m_PersistentCalls:
      m_Calls:
      - m_Target: {fileID: 1890276527}
        m_MethodName: MoveRight
        m_Mode: 1
        m_Arguments:
          m_ObjectArgument: {fileID: 0}
          m_ObjectArgumentAssemblyTypeName: UnityEngine.Object, UnityEngine
          m_IntArgument: 0
          m_FloatArgument: 0
          m_StringArgument: 
          m_BoolArgument: 0
        m_CallState: 2
      - m_Target: {fileID: 1835988569}
        m_MethodName: Play
        m_Mode: 1
        m_Arguments:
          m_ObjectArgument: {fileID: 0}
          m_ObjectArgumentAssemblyTypeName: UnityEngine.Object, UnityEngine
          m_IntArgument: 0
          m_FloatArgument: 0
          m_StringArgument: 
          m_BoolArgument: 0
        m_CallState: 2
    m_TypeName: UnityEngine.Events.UnityEvent, UnityEngine.CoreModule, Version=0.0.0.0,
      Culture=neutral, PublicKeyToken=null
  ButtonReleased:
    m_PersistentCalls:
      m_Calls:
      - m_Target: {fileID: 0}
        m_MethodName: XReleased
        m_Mode: 1
        m_Arguments:
          m_ObjectArgument: {fileID: 0}
          m_ObjectArgumentAssemblyTypeName: UnityEngine.Object, UnityEngine
          m_IntArgument: 0
          m_FloatArgument: 0
          m_StringArgument: 
          m_BoolArgument: 0
        m_CallState: 2
    m_TypeName: UnityEngine.Events.UnityEvent, UnityEngine.CoreModule, Version=0.0.0.0,
      Culture=neutral, PublicKeyToken=null
  ButtonPressed:
    m_PersistentCalls:
      m_Calls:
      - m_Target: {fileID: 0}
        m_MethodName: XPressed
        m_Mode: 1
        m_Arguments:
          m_ObjectArgument: {fileID: 0}
          m_ObjectArgumentAssemblyTypeName: UnityEngine.Object, UnityEngine
          m_IntArgument: 0
          m_FloatArgument: 0
          m_StringArgument: 
          m_BoolArgument: 0
        m_CallState: 2
    m_TypeName: UnityEngine.Events.UnityEvent, UnityEngine.CoreModule, Version=0.0.0.0,
      Culture=neutral, PublicKeyToken=null
  DisabledSprite: {fileID: 0}
  DisabledChangeColor: 1
  DisabledColor: {r: 0, g: 0, b: 0, a: 0.45882353}
  PressedSprite: {fileID: 0}
  PressedChangeColor: 0
  PressedColor: {r: 0, g: 0, b: 0, a: 0}
  HighlightedSprite: {fileID: 0}
  HighlightedChangeColor: 0
  HighlightedColor: {r: 1, g: 1, b: 1, a: 1}
  PressedOpacity: 1
  IdleOpacity: 1
  DisabledOpacity: 1
  PressedFirstTimeDelay: 0
  ReleasedDelay: 0
  BufferDuration: 0
  Animator: {fileID: 78648448}
  IdleAnimationParameterName: Idle
  DisabledAnimationParameterName: Disabled
  PressedAnimationParameterName: Pressed
  MouseMode: 1
--- !u!225 &1835988571
CanvasGroup:
  m_ObjectHideFlags: 0
  m_PrefabParentObject: {fileID: 225148252893114254, guid: c4fb35b84c6de0941996d5ee8f345813,
    type: 2}
  m_PrefabInternal: {fileID: 0}
  m_GameObject: {fileID: 1835988567}
  m_Enabled: 1
  m_Alpha: 1
  m_Interactable: 1
  m_BlocksRaycasts: 1
  m_IgnoreParentGroups: 0
--- !u!114 &1835988572
MonoBehaviour:
  m_ObjectHideFlags: 0
  m_PrefabParentObject: {fileID: 114908747730721272, guid: c4fb35b84c6de0941996d5ee8f345813,
    type: 2}
  m_PrefabInternal: {fileID: 0}
  m_GameObject: {fileID: 1835988567}
  m_Enabled: 1
  m_EditorHideFlags: 0
  m_Script: {fileID: -765806418, guid: f70555f144d8491a825f0804e09c671c, type: 3}
  m_Name: 
  m_EditorClassIdentifier: 
  m_Material: {fileID: 0}
  m_Color: {r: 0.105882354, g: 0.11764706, b: 0.15686275, a: 1}
  m_RaycastTarget: 1
  m_OnCullStateChanged:
    m_PersistentCalls:
      m_Calls: []
    m_TypeName: UnityEngine.UI.MaskableGraphic+CullStateChangedEvent, UnityEngine.UI,
      Version=1.0.0.0, Culture=neutral, PublicKeyToken=null
  m_Sprite: {fileID: 21300000, guid: 6b5af5f7855e2704ba8dc542d2d3cac0, type: 3}
  m_Type: 1
  m_PreserveAspect: 0
  m_FillCenter: 1
  m_FillMethod: 4
  m_FillAmount: 1
  m_FillClockwise: 1
  m_FillOrigin: 0
--- !u!222 &1835988573
CanvasRenderer:
  m_ObjectHideFlags: 0
  m_PrefabParentObject: {fileID: 222506231484009686, guid: c4fb35b84c6de0941996d5ee8f345813,
    type: 2}
  m_PrefabInternal: {fileID: 0}
  m_GameObject: {fileID: 1835988567}
--- !u!1 &1890276525
GameObject:
  m_ObjectHideFlags: 0
  m_PrefabParentObject: {fileID: 0}
  m_PrefabInternal: {fileID: 0}
  serializedVersion: 5
  m_Component:
  - component: {fileID: 1890276526}
  - component: {fileID: 1890276529}
  - component: {fileID: 1890276527}
  m_Layer: 5
  m_Name: MMCarousel
  m_TagString: Untagged
  m_Icon: {fileID: 0}
  m_NavMeshLayer: 0
  m_StaticEditorFlags: 0
  m_IsActive: 1
--- !u!224 &1890276526
RectTransform:
  m_ObjectHideFlags: 0
  m_PrefabParentObject: {fileID: 0}
  m_PrefabInternal: {fileID: 0}
  m_GameObject: {fileID: 1890276525}
  m_LocalRotation: {x: -0, y: -0, z: -0, w: 1}
  m_LocalPosition: {x: 0, y: 0, z: 0}
  m_LocalScale: {x: 1, y: 1, z: 1}
  m_Children:
  - {fileID: 2119754420}
  m_Father: {fileID: 261287368}
  m_RootOrder: 0
  m_LocalEulerAnglesHint: {x: 0, y: 0, z: 0}
  m_AnchorMin: {x: 0, y: 0.5}
  m_AnchorMax: {x: 0, y: 0.5}
  m_AnchoredPosition: {x: 0, y: -42.100006}
  m_SizeDelta: {x: 0, y: 1080}
  m_Pivot: {x: 0.5, y: 0.5}
--- !u!114 &1890276527
MonoBehaviour:
  m_ObjectHideFlags: 0
  m_PrefabParentObject: {fileID: 0}
  m_PrefabInternal: {fileID: 0}
  m_GameObject: {fileID: 1890276525}
  m_Enabled: 1
  m_EditorHideFlags: 0
  m_Script: {fileID: 11500000, guid: 10c71da11a2823e4690750bfe46b8bad, type: 3}
  m_Name: 
  m_EditorClassIdentifier: 
  Content: {fileID: 2119754421}
  UICamera: {fileID: 1896010360}
  LeftButton: {fileID: 362030896}
  RightButton: {fileID: 1835988570}
  CurrentIndex: 0
  Pagination: 1
  ThresholdInPercent: 1
  MoveDuration: 0.2
  ShowMouseOnStart: 1
  InitialFocus: {fileID: 1645191559}
--- !u!222 &1890276529
CanvasRenderer:
  m_ObjectHideFlags: 0
  m_PrefabParentObject: {fileID: 0}
  m_PrefabInternal: {fileID: 0}
  m_GameObject: {fileID: 1890276525}
--- !u!1 &1896010356
GameObject:
  m_ObjectHideFlags: 0
  m_PrefabParentObject: {fileID: 100004, guid: ace2d4bf56f98df4196ff81845a465d7, type: 2}
  m_PrefabInternal: {fileID: 0}
  serializedVersion: 5
  m_Component:
  - component: {fileID: 1896010361}
  - component: {fileID: 1896010360}
  - component: {fileID: 1896010359}
  - component: {fileID: 1896010358}
  - component: {fileID: 1896010357}
  m_Layer: 0
  m_Name: UICamera
  m_TagString: Untagged
  m_Icon: {fileID: 0}
  m_NavMeshLayer: 0
  m_StaticEditorFlags: 0
  m_IsActive: 1
--- !u!114 &1896010357
MonoBehaviour:
  m_ObjectHideFlags: 0
  m_PrefabParentObject: {fileID: 11413996, guid: ace2d4bf56f98df4196ff81845a465d7,
    type: 2}
  m_PrefabInternal: {fileID: 0}
  m_GameObject: {fileID: 1896010356}
  m_Enabled: 1
  m_EditorHideFlags: 0
  m_Script: {fileID: 11500000, guid: d64723688ce860840bebf5facbf67709, type: 3}
  m_Name: 
  m_EditorClassIdentifier: 
  HUD: {fileID: 0}
  HealthBars: []
  JetPackBars: []
  AmmoDisplays: []
  PauseScreen: {fileID: 0}
  TimeSplash: {fileID: 0}
  Buttons: {fileID: 0}
  Arrows: {fileID: 0}
  Joystick: {fileID: 0}
  PointsText: {fileID: 0}
  LevelText: {fileID: 0}
--- !u!92 &1896010358
Behaviour:
  m_ObjectHideFlags: 0
  m_PrefabParentObject: {fileID: 9200000, guid: ace2d4bf56f98df4196ff81845a465d7,
    type: 2}
  m_PrefabInternal: {fileID: 0}
  m_GameObject: {fileID: 1896010356}
  m_Enabled: 1
--- !u!124 &1896010359
Behaviour:
  m_ObjectHideFlags: 0
  m_PrefabParentObject: {fileID: 12400000, guid: ace2d4bf56f98df4196ff81845a465d7,
    type: 2}
  m_PrefabInternal: {fileID: 0}
  m_GameObject: {fileID: 1896010356}
  m_Enabled: 1
--- !u!20 &1896010360
Camera:
  m_ObjectHideFlags: 0
  m_PrefabParentObject: {fileID: 2000000, guid: ace2d4bf56f98df4196ff81845a465d7,
    type: 2}
  m_PrefabInternal: {fileID: 0}
  m_GameObject: {fileID: 1896010356}
  m_Enabled: 1
  serializedVersion: 2
  m_ClearFlags: 3
  m_BackGroundColor: {r: 0.19215687, g: 0.3019608, b: 0.4745098, a: 0.019607844}
  m_NormalizedViewPortRect:
    serializedVersion: 2
    x: 0
    y: 0
    width: 1
    height: 1
  near clip plane: 0.3
  far clip plane: 1000
  field of view: 60
  orthographic: 1
  orthographic size: 10
  m_Depth: 0
  m_CullingMask:
    serializedVersion: 2
    m_Bits: 32
  m_RenderingPath: -1
  m_TargetTexture: {fileID: 0}
  m_TargetDisplay: 0
  m_TargetEye: 3
  m_HDR: 0
  m_AllowMSAA: 1
  m_AllowDynamicResolution: 0
  m_ForceIntoRT: 0
  m_OcclusionCulling: 1
  m_StereoConvergence: 10
  m_StereoSeparation: 0.022
--- !u!4 &1896010361
Transform:
  m_ObjectHideFlags: 0
  m_PrefabParentObject: {fileID: 400002, guid: ace2d4bf56f98df4196ff81845a465d7, type: 2}
  m_PrefabInternal: {fileID: 0}
  m_GameObject: {fileID: 1896010356}
  m_LocalRotation: {x: 0, y: 0, z: 0, w: 1}
  m_LocalPosition: {x: -30.59, y: 0.47, z: 0}
  m_LocalScale: {x: 1, y: 1, z: 1}
  m_Children:
  - {fileID: 1469652664}
  - {fileID: 433679907}
  m_Father: {fileID: 0}
  m_RootOrder: 1
  m_LocalEulerAnglesHint: {x: 0, y: 0, z: 0}
--- !u!1001 &1922343295
Prefab:
  m_ObjectHideFlags: 0
  serializedVersion: 2
  m_Modification:
    m_TransformParent: {fileID: 0}
    m_Modifications:
    - target: {fileID: 490956, guid: 6059d977d1f210348bfbe1a82f4f9883, type: 2}
      propertyPath: m_LocalPosition.x
      value: -55.88399
      objectReference: {fileID: 0}
    - target: {fileID: 490956, guid: 6059d977d1f210348bfbe1a82f4f9883, type: 2}
      propertyPath: m_LocalPosition.y
      value: -13.874008
      objectReference: {fileID: 0}
    - target: {fileID: 490956, guid: 6059d977d1f210348bfbe1a82f4f9883, type: 2}
      propertyPath: m_LocalPosition.z
      value: 100
      objectReference: {fileID: 0}
    - target: {fileID: 490956, guid: 6059d977d1f210348bfbe1a82f4f9883, type: 2}
      propertyPath: m_LocalRotation.x
      value: 0
      objectReference: {fileID: 0}
    - target: {fileID: 490956, guid: 6059d977d1f210348bfbe1a82f4f9883, type: 2}
      propertyPath: m_LocalRotation.y
      value: 0
      objectReference: {fileID: 0}
    - target: {fileID: 490956, guid: 6059d977d1f210348bfbe1a82f4f9883, type: 2}
      propertyPath: m_LocalRotation.z
      value: 0
      objectReference: {fileID: 0}
    - target: {fileID: 490956, guid: 6059d977d1f210348bfbe1a82f4f9883, type: 2}
      propertyPath: m_LocalRotation.w
      value: 1
      objectReference: {fileID: 0}
    - target: {fileID: 490956, guid: 6059d977d1f210348bfbe1a82f4f9883, type: 2}
      propertyPath: m_RootOrder
      value: 2
      objectReference: {fileID: 0}
    - target: {fileID: 11489144, guid: 6059d977d1f210348bfbe1a82f4f9883, type: 2}
      propertyPath: MaximumLives
      value: 5
      objectReference: {fileID: 0}
    - target: {fileID: 11489144, guid: 6059d977d1f210348bfbe1a82f4f9883, type: 2}
      propertyPath: CurrentLives
      value: 5
      objectReference: {fileID: 0}
    - target: {fileID: 11489146, guid: 6059d977d1f210348bfbe1a82f4f9883, type: 2}
      propertyPath: SfxVolume
      value: 0.6
      objectReference: {fileID: 0}
    - target: {fileID: 11489146, guid: 6059d977d1f210348bfbe1a82f4f9883, type: 2}
      propertyPath: MusicVolume
      value: 0.5
      objectReference: {fileID: 0}
    - target: {fileID: 114992019002501916, guid: 6059d977d1f210348bfbe1a82f4f9883,
        type: 2}
      propertyPath: m_Enabled
      value: 1
      objectReference: {fileID: 0}
    m_RemovedComponents:
    - {fileID: 114992019002501916, guid: 6059d977d1f210348bfbe1a82f4f9883, type: 2}
  m_ParentPrefab: {fileID: 100100000, guid: 6059d977d1f210348bfbe1a82f4f9883, type: 2}
  m_IsPrefabParent: 0
--- !u!1 &2119754419
GameObject:
  m_ObjectHideFlags: 0
  m_PrefabParentObject: {fileID: 0}
  m_PrefabInternal: {fileID: 0}
  serializedVersion: 5
  m_Component:
  - component: {fileID: 2119754420}
  - component: {fileID: 2119754423}
  - component: {fileID: 2119754421}
  m_Layer: 5
  m_Name: Content
  m_TagString: Untagged
  m_Icon: {fileID: 0}
  m_NavMeshLayer: 0
  m_StaticEditorFlags: 0
  m_IsActive: 1
--- !u!224 &2119754420
RectTransform:
  m_ObjectHideFlags: 0
  m_PrefabParentObject: {fileID: 0}
  m_PrefabInternal: {fileID: 0}
  m_GameObject: {fileID: 2119754419}
  m_LocalRotation: {x: -0, y: -0, z: -0, w: 1}
  m_LocalPosition: {x: 0, y: 0, z: 0}
  m_LocalScale: {x: 1, y: 1, z: 1}
  m_Children:
  - {fileID: 1229805240}
  m_Father: {fileID: 1890276526}
  m_RootOrder: 0
  m_LocalEulerAnglesHint: {x: 0, y: 0, z: 0}
  m_AnchorMin: {x: 0, y: 0.5}
  m_AnchorMax: {x: 0, y: 0.5}
  m_AnchoredPosition: {x: 0, y: 0}
  m_SizeDelta: {x: 0, y: 536.5}
  m_Pivot: {x: 0.5, y: 0.5}
--- !u!114 &2119754421
MonoBehaviour:
  m_ObjectHideFlags: 0
  m_PrefabParentObject: {fileID: 0}
  m_PrefabInternal: {fileID: 0}
  m_GameObject: {fileID: 2119754419}
  m_Enabled: 1
  m_EditorHideFlags: 0
  m_Script: {fileID: -405508275, guid: f70555f144d8491a825f0804e09c671c, type: 3}
  m_Name: 
  m_EditorClassIdentifier: 
  m_Padding:
    m_Left: 0
    m_Right: 0
    m_Top: 0
    m_Bottom: 0
  m_ChildAlignment: 0
  m_Spacing: 50
  m_ChildForceExpandWidth: 1
  m_ChildForceExpandHeight: 1
  m_ChildControlWidth: 0
  m_ChildControlHeight: 0
--- !u!222 &2119754423
CanvasRenderer:
  m_ObjectHideFlags: 0
  m_PrefabParentObject: {fileID: 0}
  m_PrefabInternal: {fileID: 0}
  m_GameObject: {fileID: 2119754419}
